@book{adams1995hitchhiker,
    title={The Hitchhiker's Guide to the Galaxy},
    author={Adams, D.},
    isbn={9781417642595},
    url={http://books.google.com/books?id=W-xMPgAACAAJ},
    year={1995},
    publisher={San Val}
}

@article{bachu08,
    title={Separation of Voiced and Unvoiced using Zero crossing rate and Energy of the Speech Signal},
    author={Bachu R.G., Kopparthi S., Adapa B., Barkana B.D.},
    url={https://www.asee.org/documents/zones/zone1/2008/student/ASEE12008_0044_paper.pdf},
    year={2008}
}

@misc{leszczyna,
    title={Metody Wykrywania Częstotliwości Podstawowej},
    author={Leszczyna, Maciej},
    url={https://sound.eti.pg.gda.pl/student/eim/synteza/leszczyna/index.htm},
    howpublished={\url{https://sound.eti.pg.gda.pl/student/eim/synteza/leszczyna/index.htm}},
    publisher={Politechnika Gdańska}
}